<?xml version="1.0" encoding="UTF-8"?><collection xmlns="http://www.loc.gov/MARC21/slim"><record><leader>00374nam--2200133-i-4500</leader><controlfield tag="001">000047364</controlfield><controlfield tag="002">20161230</controlfield><controlfield tag="005">20161230201046</controlfield><controlfield tag="008">060222s1000------------r-----000-0-eng-d</controlfield><datafield ind1=" " ind2=" " tag="080"><subfield code="a">530.1:54-126</subfield></datafield><datafield ind1=" " ind2=" " tag="100"><subfield code="a">Wiegel,F.W</subfield></datafield><datafield ind1=" " ind2=" " tag="245"><subfield code="a">Introduction to path-integral methods in physics and polymer science</subfield></datafield><datafield ind1=" " ind2=" " tag="260"><subfield code="a">Singapore, World Scientific, 1986. Xi + 197 P</subfield></datafield><datafield ind1=" " ind2=" " tag="852"><subfield code="a">74119</subfield></datafield></record></collection>